<record><leader>00000cas a22000007a 4500</leader><controlfield tag="001">35796203</controlfield><controlfield tag="008">961026d19081908okuwr n       0    0eng d</controlfield><datafield ind1=" " ind2=" " tag="010"><subfield code="a">sn 96093101 </subfield></datafield><datafield ind1=" " ind2=" " tag="040"><subfield code="a">OBN</subfield><subfield code="b">eng</subfield><subfield code="c">OBN</subfield><subfield code="d">OCLCQ</subfield><subfield code="d">OCLCF</subfield><subfield code="d">OCLCO</subfield></datafield><datafield ind1="1" ind2=" " tag="029"><subfield code="a">AU@</subfield><subfield code="b">000012911341</subfield></datafield><datafield ind1=" " ind2=" " tag="042"><subfield code="a">msc</subfield></datafield><datafield ind1=" " ind2=" " tag="043"><subfield code="a">n-us-ok</subfield></datafield><datafield ind1="0" ind2="4" tag="245"><subfield code="a">The Alva courier weekly.</subfield></datafield><datafield ind1=" " ind2=" " tag="260"><subfield code="a">Alva, Okla. :</subfield><subfield code="b">Walter Ross</subfield></datafield><datafield ind1=" " ind2=" " tag="300"><subfield code="a">v.</subfield></datafield><datafield ind1=" " ind2=" " tag="310"><subfield code="a">Weekly</subfield></datafield><datafield ind1="0" ind2=" " tag="362"><subfield code="a">Vol. 12, no. 32 (Jan. 31, 1908).</subfield></datafield><datafield ind1=" " ind2="0" tag="651"><subfield code="a">Alva (Okla.)</subfield><subfield code="v">Newspapers.</subfield></datafield><datafield ind1=" " ind2="0" tag="651"><subfield code="a">Woods County (Okla.)</subfield><subfield code="v">Newspapers.</subfield></datafield><datafield ind1=" " ind2="7" tag="655"><subfield code="a">Newspapers.</subfield><subfield code="2">fast</subfield><subfield code="0">(OCoLC)fst01423814</subfield></datafield><datafield ind1=" " ind2="7" tag="651"><subfield code="a">Oklahoma</subfield><subfield code="z">Alva.</subfield><subfield code="2">fast</subfield><subfield code="0">(OCoLC)fst01220625</subfield></datafield><datafield ind1=" " ind2="7" tag="651"><subfield code="a">Oklahoma</subfield><subfield code="z">Woods County.</subfield><subfield code="2">fast</subfield><subfield code="0">(OCoLC)fst01259728</subfield></datafield><datafield ind1=" " ind2=" " tag="752"><subfield code="a">United States</subfield><subfield code="b">Oklahoma</subfield><subfield code="c">Woods</subfield><subfield code="d">Alva.</subfield></datafield><datafield ind1="0" ind2="0" tag="780"><subfield code="t">Alva weekly courier (Alva, Okla. : 1903)</subfield><subfield code="w">(DLC)sn 96093100</subfield><subfield code="w">(OCoLC)35796198</subfield></datafield><datafield ind1="0" ind2="7" tag="785"><subfield code="t">Alva review (Alva, Okla.)</subfield><subfield code="w">(DLC)sn 96093102</subfield><subfield code="w">(OCoLC)35796211</subfield></datafield><datafield ind1="0" ind2="7" tag="785"><subfield code="t">Alva review courier (Alva, Okla. : 1908)</subfield><subfield code="w">(DLC)sn 86063901</subfield><subfield code="w">(OCoLC)13685949</subfield></datafield></record>